%%%%%%%%%% Este es el formato para la bibliografia en Miscelanea Matematica %%%%%%%%%
%% Se dan ejemplos de articulos en revistas y proceeding, tesis y libros. 
%% En la primera linea va el nombre que se quiera dar a la referencia 

@book{goerss2009simplicial,
  title={Simplicial homotopy theory},
  author={Goerss, Paul G and Jardine, John F},
  year={2009},
  publisher={Springer Science \& Business Media}
}

@book{johnstone2014topos,
  title={Topos theory},
  author={Johnstone, Peter T},
  year={2014},
  publisher={Courier Corporation}
}

@book{maclane2012sheaves,
  title={Sheaves in geometry and logic: A first introduction to topos theory},
  author={MacLane, Saunders and Moerdijk, Ieke},
  year={2012},
  publisher={Springer Science \& Business Media}
}

@book{may1992simplicial,
  title={Simplicial objects in algebraic topology},
  author={May, J Peter},
  volume={11},
  year={1992},
  publisher={University of Chicago Press}
}


